<record><leader>00000cas a22000007a 4500</leader><controlfield tag="001">14237745</controlfield><controlfield tag="008">860919d19171922txuwr ne      0    0eng d</controlfield><datafield ind1=" " ind2=" " tag="010"><subfield code="a">sn 86089110 </subfield></datafield><datafield ind1=" " ind2=" " tag="040"><subfield code="a">PPM</subfield><subfield code="b">eng</subfield><subfield code="c">PPM</subfield><subfield code="d">OCLCQ</subfield></datafield><datafield ind1=" " ind2=" " tag="042"><subfield code="a">msc</subfield></datafield><datafield ind1="0" ind2="4" tag="245"><subfield code="a">The Enterprise and Pecos times.</subfield></datafield><datafield ind1=" " ind2=" " tag="260"><subfield code="a">Pecos, Tex. :</subfield><subfield code="b">John Hibdon,</subfield><subfield code="c">1917-1922.</subfield></datafield><datafield ind1=" " ind2=" " tag="300"><subfield code="a">v. :</subfield><subfield code="b">ill. (chiefly advertisements)</subfield></datafield><datafield ind1=" " ind2=" " tag="310"><subfield code="a">Weekly</subfield></datafield><datafield ind1="0" ind2=" " tag="362"><subfield code="a">Vol. 36, no. 42 (June 8, 1917)-v. 61, no. 26 (Feb. 10, 1922).</subfield></datafield><datafield ind1=" " ind2=" " tag="752"><subfield code="a">United States</subfield><subfield code="b">Texas</subfield><subfield code="c">Reeves</subfield><subfield code="d">Pecos.</subfield></datafield><datafield ind1="0" ind2="4" tag="780"><subfield code="t">Enterprise Pecos, Tex.)</subfield><subfield code="w">(DLC)sn 87090046</subfield></datafield><datafield ind1="0" ind2="4" tag="780"><subfield code="t">Pecos times</subfield><subfield code="w">(DLC)sn 86089109</subfield></datafield><datafield ind1="0" ind2="0" tag="785"><subfield code="t">Pecos enterprise and Pecos times</subfield><subfield code="w">(DLC)sn 86089784</subfield></datafield></record>